<record><leader>00000cas a2200000   4500</leader><controlfield tag="001">11570745</controlfield><controlfield tag="008">850111c19469999cauwr ne      0   a0eng c</controlfield><datafield ind1=" " ind2=" " tag="010"><subfield code="a">sn 90004650 </subfield></datafield><datafield ind1=" " ind2=" " tag="040"><subfield code="a">MSH</subfield><subfield code="b">eng</subfield><subfield code="c">MSH</subfield><subfield code="d">NSD</subfield><subfield code="d">CNK</subfield><subfield code="d">OCLCQ</subfield><subfield code="d">OCLCF</subfield><subfield code="d">OCLCO</subfield></datafield><datafield ind1=" " ind2=" " tag="012"><subfield code="m">1</subfield></datafield><datafield ind1="1" ind2=" " tag="022"><subfield code="a">1050-4931</subfield><subfield code="l">1050-4931</subfield><subfield code="2">1</subfield></datafield><datafield ind1="1" ind2=" " tag="029"><subfield code="a">AU@</subfield><subfield code="b">000020585911</subfield></datafield><datafield ind1=" " ind2=" " tag="032"><subfield code="a">005179</subfield><subfield code="b">USPS</subfield></datafield><datafield ind1=" " ind2=" " tag="037"><subfield code="b">The Malibu Times, Inc., 3864 Las Flores Canyon Rd., Malibu, CA 90265</subfield></datafield><datafield ind1=" " ind2=" " tag="042"><subfield code="a">nsdp</subfield><subfield code="a">pcc</subfield></datafield><datafield ind1=" " ind2=" " tag="043"><subfield code="a">n-us-ca</subfield></datafield><datafield ind1=" " ind2="4" tag="222"><subfield code="a">The Malibu times</subfield></datafield><datafield ind1="0" ind2="4" tag="245"><subfield code="a">The Malibu times.</subfield></datafield><datafield ind1=" " ind2=" " tag="260"><subfield code="a">Malibu, Calif. :</subfield><subfield code="b">Malibu Times, Inc.,</subfield></datafield><datafield ind1=" " ind2=" " tag="300"><subfield code="a">v.</subfield><subfield code="c">35 cm.</subfield></datafield><datafield ind1=" " ind2=" " tag="310"><subfield code="a">Weekly</subfield></datafield><datafield ind1="1" ind2=" " tag="362"><subfield code="a">Began in 1946.</subfield></datafield><datafield ind1=" " ind2=" " tag="588"><subfield code="a">Description based on: Vol. 49, no. 1 (Jan. 2, 1997).</subfield></datafield><datafield ind1=" " ind2="0" tag="651"><subfield code="a">Malibu (Calif.)</subfield><subfield code="v">Newspapers.</subfield></datafield><datafield ind1=" " ind2="7" tag="655"><subfield code="a">Newspapers.</subfield><subfield code="2">fast</subfield><subfield code="0">(OCoLC)fst01423814</subfield></datafield><datafield ind1=" " ind2="7" tag="651"><subfield code="a">California</subfield><subfield code="z">Malibu.</subfield><subfield code="2">fast</subfield><subfield code="0">(OCoLC)fst01208494</subfield></datafield><datafield ind1=" " ind2=" " tag="752"><subfield code="a">United States</subfield><subfield code="b">California</subfield><subfield code="c">Los Angeles</subfield><subfield code="d">Malibu.</subfield></datafield><datafield ind1=" " ind2=" " tag="936"><subfield code="a">Apr. 12, 1990</subfield></datafield></record>